@book{Russell,
 author = {Russell, Stuart J. and Norvig, Peter},
 title = {Artificial Intelligence: A Modern Approach},
 year = {2003},
 isbn = {0137903952},
 edition = {2},
 publisher = {Pearson Education},
} 

@book{Squazzoni,
 author = {Squazzoni, Flaminio},
 title = {Simulazione sociale},
 year = {2008},
 isbn = {9788843048281},
 edition = {1},
 publisher = {Carrocci editore},
} 

@manual{NetlogoUserManual,
	title = {NetLogo 5.0.2 User Manual},
}

@misc{RFAQ,
	title = {The R FAQ},
	howpublished = "\url{http://cran.r-project.org/doc/FAQ/}",
}

@manual{IntroductionR,
	title = {An Introduction to R Notes on R: A Programming Environment for Data Analysis and Graphics Version 2.15.2},
	author = {Venables, W. N. and Smith, D. M.and the R Core Team},
	year = {2012},
	isbn = {3900051127}
}

@article{parker2003multi,
  title={Multi-agent systems for the simulation of land-use and land-cover change: a review},
  author={Parker, D.C. and Manson, S.M. and Janssen, M.A. and Hoffmann, M.J. and Deadman, P.},
  journal={Annals of the Association of American Geographers},
  volume={93},
  number={2},
  pages={314--337},
  year={2003},
  publisher={Taylor \& Francis}
}

@misc{nistSemantech,
	title = {NIST/SEMATECH e-Handbook of Statistical Methods},
	howpublished = "\url{http://www.itl.nist.gov/div898/handbook/}",
}

@misc{r-bloggers,
	title = {R-bloggers},
	howpublished = "\url{http://www.r-bloggers.com/}",
}

@misc{r-tutor,
	title = {R-tutor},
	howpublished = "\url{http://www.r-tutor.com/}",
}
